<record><leader>00000cas a22000007a 4500</leader><controlfield tag="001">27950965</controlfield><controlfield tag="008">930420c19719999scucr ne      0    0eng d</controlfield><datafield ind1=" " ind2=" " tag="010"><subfield code="a">sn 93067700 </subfield></datafield><datafield ind1=" " ind2=" " tag="040"><subfield code="a">SVN</subfield><subfield code="b">eng</subfield><subfield code="c">SVN</subfield><subfield code="d">OCLCQ</subfield></datafield><datafield ind1=" " ind2=" " tag="042"><subfield code="a">msc</subfield></datafield><datafield ind1="0" ind2=" " tag="130"><subfield code="a">News and reporter (Chester, S.C.)</subfield></datafield><datafield ind1="1" ind2="0" tag="245"><subfield code="a">News and reporter.</subfield></datafield><datafield ind1=" " ind2=" " tag="260"><subfield code="a">Chester, S.C. :</subfield><subfield code="b">Tri-County Pub. Co.</subfield></datafield><datafield ind1=" " ind2=" " tag="300"><subfield code="a">v.</subfield></datafield><datafield ind1=" " ind2=" " tag="310"><subfield code="a">Semiweekly,</subfield><subfield code="b">Sept. 13, 1971 -</subfield></datafield><datafield ind1=" " ind2=" " tag="321"><subfield code="a">Weekly,</subfield><subfield code="b">Sept. 1-8, 1971</subfield></datafield><datafield ind1="0" ind2=" " tag="362"><subfield code="a">Vol. 102, no. 35 (Sept. 1, 1971)-</subfield></datafield><datafield ind1=" " ind2="4" tag="651"><subfield code="a">Chester County (S.C.)</subfield><subfield code="v">Newspapers.</subfield></datafield><datafield ind1=" " ind2=" " tag="752"><subfield code="a">United States</subfield><subfield code="b">South Carolina</subfield><subfield code="c">Chester</subfield><subfield code="d">Chester.</subfield></datafield><datafield ind1="0" ind2="4" tag="780"><subfield code="t">Chester news (Chester, S.C.)</subfield><subfield code="w">(DLC)sn 86063781</subfield></datafield><datafield ind1="0" ind2="4" tag="780"><subfield code="t">Chester reporter (Chester, S.C.)</subfield><subfield code="w">(DLC)sn 84027854</subfield></datafield><datafield ind1="1" ind2=" " tag="029"><subfield code="a">AU@</subfield><subfield code="b">000020746628</subfield></datafield></record>